@article{DBLP:journals/corr/BojarskiTDFFGJM16,
  author    = {Mariusz Bojarski and
               Davide Del Testa and
               Daniel Dworakowski and
               Bernhard Firner and
               Beat Flepp and
               Prasoon Goyal and
               Lawrence D. Jackel and
               Mathew Monfort and
               Urs Muller and
               Jiakai Zhang and
               Xin Zhang and
               Jake Zhao and
               Karol Zieba},
  title     = {End to End Learning for Self-Driving Cars},
  journal   = {CoRR},
  volume    = {abs/1604.07316},
  year      = {2016},
  url       = {http://arxiv.org/abs/1604.07316},
  timestamp = {Mon, 02 May 2016 18:22:52 +0200},
  biburl    = {http://dblp.uni-trier.de/rec/bib/journals/corr/BojarskiTDFFGJM16},
  bibsource = {dblp computer science bibliography, http://dblp.org}
}

